<record><leader>00000cas a2200000 a 4500</leader><controlfield tag="001">11956684</controlfield><controlfield tag="008">850424d18861944ksuwr ne      0    0eng d</controlfield><datafield ind1=" " ind2=" " tag="010"><subfield code="a">sn 85031198 </subfield></datafield><datafield ind1=" " ind2=" " tag="040"><subfield code="a">KSH</subfield><subfield code="b">eng</subfield><subfield code="c">KSH</subfield><subfield code="d">NPT</subfield><subfield code="d">OCL</subfield><subfield code="d">OCLCQ</subfield></datafield><datafield ind1=" " ind2=" " tag="042"><subfield code="a">msc</subfield></datafield><datafield ind1="0" ind2="4" tag="245"><subfield code="a">The Irving leader.</subfield></datafield><datafield ind1=" " ind2=" " tag="260"><subfield code="a">Irving, Kan. :</subfield><subfield code="b">J.R. Leonard,</subfield><subfield code="c">1886-1944.</subfield></datafield><datafield ind1=" " ind2=" " tag="300"><subfield code="a">57 v. :</subfield><subfield code="b">ill. ;</subfield><subfield code="c">37-56 cm.</subfield></datafield><datafield ind1=" " ind2=" " tag="310"><subfield code="a">Weekly</subfield></datafield><datafield ind1="0" ind2=" " tag="362"><subfield code="a">Vol. 1, no. 1 (May 20, 1886)-v. 57, no. 40 (Feb. 24, 1944).</subfield></datafield><datafield ind1=" " ind2=" " tag="500"><subfield code="a">Publisher varies.</subfield></datafield><datafield ind1=" " ind2=" " tag="752"><subfield code="a">United States</subfield><subfield code="b">Kansas</subfield><subfield code="c">Marshall</subfield><subfield code="d">Irving.</subfield></datafield><datafield ind1="0" ind2="5" tag="780"><subfield code="t">Blue Rapids lyre</subfield><subfield code="g">July 1887</subfield><subfield code="w">(DLC)sn 85031178</subfield></datafield></record>